
@article{agrawal2011challenges,
  title={Challenges and opportunities with Big Data 2011-1},
  author={Agrawal, Divyakant and Bernstein, Philip and Bertino, Elisa and Davidson, Susan and Dayal, Umeshwas and Franklin, Michael and Gehrke, Johannes and Haas, Laura and Halevy, Alon and Han, Jiawei and others},
  year={2011}
}

@article{wu2013data,
  title={Data mining with big data},
  author={Wu, Xindong and Zhu, Xingquan and Wu, Gong-Qing and Ding, Wei},
  journal={IEEE transactions on knowledge and data engineering},
  volume={26},
  number={1},
  pages={97--107},
  year={2013},
  publisher={IEEE}
}

@phdthesis{zhang2016,
 author = {张庆庆},
 title = {基于机器学习的文本情感分类研究},
 school = {西北工业大学},
 year = {2016}
 }
